<record><leader>00000cas a22000007a 4500</leader><controlfield tag="001">20734000</controlfield><controlfield tag="008">891205d18631864mnuuu ne      0    0eng d</controlfield><datafield ind1=" " ind2=" " tag="010"><subfield code="a">sn 89064595 </subfield></datafield><datafield ind1=" " ind2=" " tag="040"><subfield code="a">MN#</subfield><subfield code="b">eng</subfield><subfield code="c">MN#</subfield><subfield code="d">OCL</subfield><subfield code="d">OCLCQ</subfield><subfield code="d">OCLCF</subfield><subfield code="d">OCLCO</subfield></datafield><datafield ind1=" " ind2=" " tag="042"><subfield code="a">msc</subfield></datafield><datafield ind1=" " ind2=" " tag="043"><subfield code="a">n-us-mn</subfield></datafield><datafield ind1=" " ind2=" " tag="052"><subfield code="a">4144</subfield><subfield code="b">G4</subfield></datafield><datafield ind1=" " ind2=" " tag="052"><subfield code="a">4143</subfield><subfield code="b">M2</subfield></datafield><datafield ind1="0" ind2="4" tag="245"><subfield code="a">The Glencoe register and soldier's budget.</subfield></datafield><datafield ind1="1" ind2="3" tag="246"><subfield code="a">Glencoe weekly register</subfield></datafield><datafield ind1="1" ind2="3" tag="246"><subfield code="a">Budget</subfield></datafield><datafield ind1=" " ind2=" " tag="260"><subfield code="a">Glencoe, McLeod County, Minn. :</subfield><subfield code="b">Frank Daggett</subfield></datafield><datafield ind1=" " ind2=" " tag="300"><subfield code="a">v.</subfield></datafield><datafield ind1="1" ind2=" " tag="362"><subfield code="a">Began in Jan. 1863; ceased in 1864?</subfield></datafield><datafield ind1=" " ind2=" " tag="530"><subfield code="a">Available on microfilm from the Minnesota Historical Society.</subfield></datafield><datafield ind1=" " ind2=" " tag="588"><subfield code="a">Description based on: Vol. 6, no. 3 (Jan. 10, 1863).</subfield></datafield><datafield ind1=" " ind2="0" tag="651"><subfield code="a">Glencoe (Minn.)</subfield><subfield code="v">Newspapers.</subfield></datafield><datafield ind1=" " ind2="7" tag="655"><subfield code="a">Newspapers.</subfield><subfield code="2">fast</subfield><subfield code="0">(OCoLC)fst01423814</subfield></datafield><datafield ind1=" " ind2="7" tag="651"><subfield code="a">Minnesota</subfield><subfield code="z">Glencoe.</subfield><subfield code="2">fast</subfield><subfield code="0">(OCoLC)fst01227772</subfield></datafield><datafield ind1=" " ind2=" " tag="752"><subfield code="a">United States</subfield><subfield code="b">Minnesota</subfield><subfield code="c">McLeod</subfield><subfield code="d">Glencoe.</subfield></datafield><datafield ind1="0" ind2="0" tag="780"><subfield code="t">Glencoe register (Glencoe, Minn. : 1857)</subfield><subfield code="w">(DLC)sn 84031695</subfield></datafield><datafield ind1="0" ind2="0" tag="785"><subfield code="t">Glencoe weekly register</subfield><subfield code="w">(DLC)sn 89064596</subfield></datafield></record>